%YAML 1.1
%TAG !u! tag:unity3d.com,2011:
--- !u!114 &7853642634938682383
MonoBehaviour:
  m_ObjectHideFlags: 0
  m_CorrespondingSourceObject: {fileID: 0}
  m_PrefabInstance: {fileID: 0}
  m_PrefabAsset: {fileID: 0}
  m_GameObject: {fileID: 963128735191379081}
  m_Enabled: 1
  m_EditorHideFlags: 0
  m_Script: {fileID: 11500000, guid: 1284302c393070c4484b9185ef139cef, type: 3}
  m_Name: 
  m_EditorClassIdentifier: 
  _scale: {fileID: 415099536456320393}
  _rotate: {fileID: 6551513246765715474}
  _translate: {fileID: 1964954093869031997}
  _x: {fileID: 4863827868703328533}
  _y: {fileID: 1718490772563662692}
  _z: {fileID: 8336446554244409083}
  _xyz: {fileID: 3688297407919374450}
--- !u!1 &1172950290381404052
GameObject:
  m_ObjectHideFlags: 0
  m_CorrespondingSourceObject: {fileID: 0}
  m_PrefabInstance: {fileID: 0}
  m_PrefabAsset: {fileID: 0}
  serializedVersion: 6
  m_Component:
  - component: {fileID: 6091248057989416460}
  - component: {fileID: 6238028955054002265}
  - component: {fileID: 3146253359034630301}
  - component: {fileID: 8618157608248628381}
  - component: {fileID: 8022237825107846355}
  m_Layer: 5
  m_Name: HomeMenu
  m_TagString: Untagged
  m_Icon: {fileID: 0}
  m_NavMeshLayer: 0
  m_StaticEditorFlags: 0
  m_IsActive: 1
--- !u!224 &6091248057989416460
RectTransform:
  m_ObjectHideFlags: 0
  m_CorrespondingSourceObject: {fileID: 0}
  m_PrefabInstance: {fileID: 0}
  m_PrefabAsset: {fileID: 0}
  m_GameObject: {fileID: 1172950290381404052}
  m_LocalRotation: {x: -0, y: -0, z: -0, w: 1}
  m_LocalPosition: {x: 0, y: 0, z: 0}
  m_LocalScale: {x: 0.01, y: 0.01, z: 0.01}
  m_Children:
  - {fileID: 5599766781754854561}
  - {fileID: 3731069577169288257}
  - {fileID: 1473574582172825683}
  m_Father: {fileID: 2119272327274482700}
  m_RootOrder: 3
  m_LocalEulerAnglesHint: {x: 0, y: 0, z: 0}
  m_AnchorMin: {x: 0, y: 0}
  m_AnchorMax: {x: 0, y: 0}
  m_AnchoredPosition: {x: 0, y: 0.08}
  m_SizeDelta: {x: 15.47, y: 12.9}
  m_Pivot: {x: 0.5, y: 0.5}
--- !u!223 &6238028955054002265
Canvas:
  m_ObjectHideFlags: 0
  m_CorrespondingSourceObject: {fileID: 0}
  m_PrefabInstance: {fileID: 0}
  m_PrefabAsset: {fileID: 0}
  m_GameObject: {fileID: 1172950290381404052}
  m_Enabled: 1
  serializedVersion: 3
  m_RenderMode: 2
  m_Camera: {fileID: 0}
  m_PlaneDistance: 100
  m_PixelPerfect: 0
  m_ReceivesEvents: 1
  m_OverrideSorting: 0
  m_OverridePixelPerfect: 0
  m_SortingBucketNormalizedSize: 0
  m_AdditionalShaderChannelsFlag: 0
  m_SortingLayerID: 0
  m_SortingOrder: 0
  m_TargetDisplay: 0
--- !u!114 &3146253359034630301
MonoBehaviour:
  m_ObjectHideFlags: 0
  m_CorrespondingSourceObject: {fileID: 0}
  m_PrefabInstance: {fileID: 0}
  m_PrefabAsset: {fileID: 0}
  m_GameObject: {fileID: 1172950290381404052}
  m_Enabled: 1
  m_EditorHideFlags: 0
  m_Script: {fileID: 11500000, guid: 0cd44c1031e13a943bb63640046fad76, type: 3}
  m_Name: 
  m_EditorClassIdentifier: 
  m_UiScaleMode: 0
  m_ReferencePixelsPerUnit: 100
  m_ScaleFactor: 1
  m_ReferenceResolution: {x: 800, y: 600}
  m_ScreenMatchMode: 0
  m_MatchWidthOrHeight: 0
  m_PhysicalUnit: 3
  m_FallbackScreenDPI: 96
  m_DefaultSpriteDPI: 96
  m_DynamicPixelsPerUnit: 10
--- !u!114 &8618157608248628381
MonoBehaviour:
  m_ObjectHideFlags: 0
  m_CorrespondingSourceObject: {fileID: 0}
  m_PrefabInstance: {fileID: 0}
  m_PrefabAsset: {fileID: 0}
  m_GameObject: {fileID: 1172950290381404052}
  m_Enabled: 1
  m_EditorHideFlags: 0
  m_Script: {fileID: 11500000, guid: dc42784cf147c0c48a680349fa168899, type: 3}
  m_Name: 
  m_EditorClassIdentifier: 
  m_IgnoreReversedGraphics: 1
  m_BlockingObjects: 0
  m_BlockingMask:
    serializedVersion: 2
    m_Bits: 4294967295
--- !u!114 &8022237825107846355
MonoBehaviour:
  m_ObjectHideFlags: 0
  m_CorrespondingSourceObject: {fileID: 0}
  m_PrefabInstance: {fileID: 0}
  m_PrefabAsset: {fileID: 0}
  m_GameObject: {fileID: 1172950290381404052}
  m_Enabled: 1
  m_EditorHideFlags: 0
  m_Script: {fileID: 11500000, guid: c998fb4dfb1ada6438397a054615c330, type: 3}
  m_Name: 
  m_EditorClassIdentifier: 
  _selection_name: {fileID: 2093852205514275991}
  _tool_name: {fileID: 5135090936110442353}
  _selectors:
  - {fileID: 5229837303337747455}
  - {fileID: 7378942726396104779}
  _left_buttons:
  - {fileID: 308429701956394856}
  - {fileID: 7057807942098295218}
  - {fileID: 3188743291724974793}
  _right_buttons:
  - {fileID: 1700515605813673784}
  - {fileID: 8755354752323537396}
  - {fileID: 5757756315470955206}
  _bottom_buttons:
  - {fileID: 6957066837534378620}
--- !u!1 &1206643105948387902
GameObject:
  m_ObjectHideFlags: 0
  m_CorrespondingSourceObject: {fileID: 0}
  m_PrefabInstance: {fileID: 0}
  m_PrefabAsset: {fileID: 0}
  serializedVersion: 6
  m_Component:
  - component: {fileID: 2119272327274482700}
  - component: {fileID: 640120980332189191}
  - component: {fileID: 2463608668628140409}
  - component: {fileID: 2463608668628140390}
  m_Layer: 0
  m_Name: Player
  m_TagString: Untagged
  m_Icon: {fileID: 0}
  m_NavMeshLayer: 0
  m_StaticEditorFlags: 0
  m_IsActive: 1
--- !u!4 &2119272327274482700
Transform:
  m_ObjectHideFlags: 0
  m_CorrespondingSourceObject: {fileID: 0}
  m_PrefabInstance: {fileID: 0}
  m_PrefabAsset: {fileID: 0}
  m_GameObject: {fileID: 1206643105948387902}
  m_LocalRotation: {x: 0, y: 0, z: 0, w: 1}
  m_LocalPosition: {x: 0, y: 0, z: 0}
  m_LocalScale: {x: 1, y: 1, z: 1}
  m_Children:
  - {fileID: 7243670819446795781}
  - {fileID: 2467557068273794660}
  - {fileID: 7244781896111207885}
  - {fileID: 6091248057989416460}
  m_Father: {fileID: 0}
  m_RootOrder: 0
  m_LocalEulerAnglesHint: {x: 0, y: 0, z: 0}
--- !u!114 &640120980332189191
MonoBehaviour:
  m_ObjectHideFlags: 0
  m_CorrespondingSourceObject: {fileID: 0}
  m_PrefabInstance: {fileID: 0}
  m_PrefabAsset: {fileID: 0}
  m_GameObject: {fileID: 1206643105948387902}
  m_Enabled: 1
  m_EditorHideFlags: 0
  m_Script: {fileID: 11500000, guid: 0df376feb9f38064ab90a802f2064668, type: 3}
  m_Name: 
  m_EditorClassIdentifier: 
--- !u!114 &2463608668628140409
MonoBehaviour:
  m_ObjectHideFlags: 0
  m_CorrespondingSourceObject: {fileID: 0}
  m_PrefabInstance: {fileID: 0}
  m_PrefabAsset: {fileID: 0}
  m_GameObject: {fileID: 1206643105948387902}
  m_Enabled: 1
  m_EditorHideFlags: 0
  m_Script: {fileID: 11500000, guid: 8efc6b1d64977384eb3405357896c656, type: 3}
  m_Name: 
  m_EditorClassIdentifier: 
  m_PositionModel:
    SynchronizeEnabled: 1
    TeleportEnabled: 1
    TeleportIfDistanceGreaterThan: 3
    InterpolateOption: 2
    InterpolateMoveTowardsSpeed: 1
    InterpolateLerpSpeed: 1
    ExtrapolateOption: 0
    ExtrapolateSpeed: 1
    ExtrapolateIncludingRoundTripTime: 1
    ExtrapolateNumberOfStoredPositions: 1
  m_RotationModel:
    SynchronizeEnabled: 1
    InterpolateOption: 1
    InterpolateRotateTowardsSpeed: 180
    InterpolateLerpSpeed: 5
  m_ScaleModel:
    SynchronizeEnabled: 0
    InterpolateOption: 0
    InterpolateMoveTowardsSpeed: 1
    InterpolateLerpSpeed: 0
--- !u!114 &2463608668628140390
MonoBehaviour:
  m_ObjectHideFlags: 0
  m_CorrespondingSourceObject: {fileID: 0}
  m_PrefabInstance: {fileID: 0}
  m_PrefabAsset: {fileID: 0}
  m_GameObject: {fileID: 1206643105948387902}
  m_Enabled: 1
  m_EditorHideFlags: 0
  m_Script: {fileID: 11500000, guid: aa584fbee541324448dd18d8409c7a41, type: 3}
  m_Name: 
  m_EditorClassIdentifier: 
  ObservedComponentsFoldoutOpen: 1
  Group: 0
  prefixField: -1
  Synchronization: 3
  OwnershipTransfer: 0
  ObservedComponents:
  - {fileID: 2463608668628140409}
  viewIdField: 0
  InstantiationId: 0
  isRuntimeInstantiated: 0
--- !u!1 &1952479098856741625
GameObject:
  m_ObjectHideFlags: 0
  m_CorrespondingSourceObject: {fileID: 0}
  m_PrefabInstance: {fileID: 0}
  m_PrefabAsset: {fileID: 0}
  serializedVersion: 6
  m_Component:
  - component: {fileID: 217983325576629286}
  - component: {fileID: 2375773102845119288}
  - component: {fileID: 450826515799282049}
  m_Layer: 5
  m_Name: Panel (1)
  m_TagString: Untagged
  m_Icon: {fileID: 0}
  m_NavMeshLayer: 0
  m_StaticEditorFlags: 0
  m_IsActive: 1
--- !u!224 &217983325576629286
RectTransform:
  m_ObjectHideFlags: 0
  m_CorrespondingSourceObject: {fileID: 0}
  m_PrefabInstance: {fileID: 0}
  m_PrefabAsset: {fileID: 0}
  m_GameObject: {fileID: 1952479098856741625}
  m_LocalRotation: {x: 0, y: 0, z: 0, w: 1}
  m_LocalPosition: {x: 0, y: 0, z: 0}
  m_LocalScale: {x: 1, y: 1, z: 1}
  m_Children: []
  m_Father: {fileID: 5599766781754854561}
  m_RootOrder: 8
  m_LocalEulerAnglesHint: {x: 0, y: 0, z: 0}
  m_AnchorMin: {x: 1, y: 0}
  m_AnchorMax: {x: 1, y: 1}
  m_AnchoredPosition: {x: -11.89, y: 4.37}
  m_SizeDelta: {x: 9.16, y: 1.6600001}
  m_Pivot: {x: 0.5, y: 0.5}
--- !u!222 &2375773102845119288
CanvasRenderer:
  m_ObjectHideFlags: 0
  m_CorrespondingSourceObject: {fileID: 0}
  m_PrefabInstance: {fileID: 0}
  m_PrefabAsset: {fileID: 0}
  m_GameObject: {fileID: 1952479098856741625}
  m_CullTransparentMesh: 0
--- !u!114 &450826515799282049
MonoBehaviour:
  m_ObjectHideFlags: 0
  m_CorrespondingSourceObject: {fileID: 0}
  m_PrefabInstance: {fileID: 0}
  m_PrefabAsset: {fileID: 0}
  m_GameObject: {fileID: 1952479098856741625}
  m_Enabled: 1
  m_EditorHideFlags: 0
  m_Script: {fileID: 11500000, guid: fe87c0e1cc204ed48ad3b37840f39efc, type: 3}
  m_Name: 
  m_EditorClassIdentifier: 
  m_Material: {fileID: 0}
  m_Color: {r: 1, g: 1, b: 1, a: 1}
  m_RaycastTarget: 1
  m_OnCullStateChanged:
    m_PersistentCalls:
      m_Calls: []
  m_Sprite: {fileID: 21300000, guid: c222cd02c447941edb09ecb6433229ce, type: 3}
  m_Type: 1
  m_PreserveAspect: 0
  m_FillCenter: 1
  m_FillMethod: 4
  m_FillAmount: 1
  m_FillClockwise: 1
  m_FillOrigin: 0
  m_UseSpriteMesh: 0
  m_PixelsPerUnitMultiplier: 5
--- !u!1 &2093852205514275991
GameObject:
  m_ObjectHideFlags: 0
  m_CorrespondingSourceObject: {fileID: 0}
  m_PrefabInstance: {fileID: 0}
  m_PrefabAsset: {fileID: 0}
  serializedVersion: 6
  m_Component:
  - component: {fileID: 3731069577169288257}
  - component: {fileID: 4634159386419263474}
  - component: {fileID: 3756058184017613557}
  m_Layer: 5
  m_Name: SelectionName
  m_TagString: Untagged
  m_Icon: {fileID: 0}
  m_NavMeshLayer: 0
  m_StaticEditorFlags: 0
  m_IsActive: 1
--- !u!224 &3731069577169288257
RectTransform:
  m_ObjectHideFlags: 0
  m_CorrespondingSourceObject: {fileID: 0}
  m_PrefabInstance: {fileID: 0}
  m_PrefabAsset: {fileID: 0}
  m_GameObject: {fileID: 2093852205514275991}
  m_LocalRotation: {x: 0, y: 0, z: 0, w: 1}
  m_LocalPosition: {x: 0, y: 0, z: 0}
  m_LocalScale: {x: 0.1, y: 0.1, z: 0.1}
  m_Children: []
  m_Father: {fileID: 6091248057989416460}
  m_RootOrder: 1
  m_LocalEulerAnglesHint: {x: 0, y: 0, z: 0}
  m_AnchorMin: {x: 0.5, y: 0.5}
  m_AnchorMax: {x: 0.5, y: 0.5}
  m_AnchoredPosition: {x: 4.86, y: 9.9800005}
  m_SizeDelta: {x: 170.7, y: 76.9}
  m_Pivot: {x: 0.5, y: 0.5}
--- !u!222 &4634159386419263474
CanvasRenderer:
  m_ObjectHideFlags: 0
  m_CorrespondingSourceObject: {fileID: 0}
  m_PrefabInstance: {fileID: 0}
  m_PrefabAsset: {fileID: 0}
  m_GameObject: {fileID: 2093852205514275991}
  m_CullTransparentMesh: 0
--- !u!114 &3756058184017613557
MonoBehaviour:
  m_ObjectHideFlags: 0
  m_CorrespondingSourceObject: {fileID: 0}
  m_PrefabInstance: {fileID: 0}
  m_PrefabAsset: {fileID: 0}
  m_GameObject: {fileID: 2093852205514275991}
  m_Enabled: 1
  m_EditorHideFlags: 0
  m_Script: {fileID: 11500000, guid: 5f7201a12d95ffc409449d95f23cf332, type: 3}
  m_Name: 
  m_EditorClassIdentifier: 
  m_Material: {fileID: 0}
  m_Color: {r: 1, g: 1, b: 1, a: 1}
  m_RaycastTarget: 1
  m_OnCullStateChanged:
    m_PersistentCalls:
      m_Calls: []
  m_FontData:
    m_Font: {fileID: 10102, guid: 0000000000000000e000000000000000, type: 0}
    m_FontSize: 14
    m_FontStyle: 0
    m_BestFit: 0
    m_MinSize: 1
    m_MaxSize: 40
    m_Alignment: 4
    m_AlignByGeometry: 0
    m_RichText: 1
    m_HorizontalOverflow: 0
    m_VerticalOverflow: 0
    m_LineSpacing: 1
  m_Text: 'Selected:'
--- !u!1 &2095160441936339152
GameObject:
  m_ObjectHideFlags: 0
  m_CorrespondingSourceObject: {fileID: 0}
  m_PrefabInstance: {fileID: 0}
  m_PrefabAsset: {fileID: 0}
  serializedVersion: 6
  m_Component:
  - component: {fileID: 688404822478317328}
  - component: {fileID: 7558291954458692048}
  - component: {fileID: 5402570656132326347}
  m_Layer: 5
  m_Name: Panel
  m_TagString: Untagged
  m_Icon: {fileID: 0}
  m_NavMeshLayer: 0
  m_StaticEditorFlags: 0
  m_IsActive: 1
--- !u!224 &688404822478317328
RectTransform:
  m_ObjectHideFlags: 0
  m_CorrespondingSourceObject: {fileID: 0}
  m_PrefabInstance: {fileID: 0}
  m_PrefabAsset: {fileID: 0}
  m_GameObject: {fileID: 2095160441936339152}
  m_LocalRotation: {x: 0, y: 0, z: 0, w: 1}
  m_LocalPosition: {x: 0, y: 0, z: 0}
  m_LocalScale: {x: 1, y: 1, z: 1}
  m_Children: []
  m_Father: {fileID: 5599766781754854561}
  m_RootOrder: 7
  m_LocalEulerAnglesHint: {x: 0, y: 0, z: 0}
  m_AnchorMin: {x: 1, y: 0}
  m_AnchorMax: {x: 1, y: 1}
  m_AnchoredPosition: {x: -2.98, y: 4.37}
  m_SizeDelta: {x: 9.16, y: 1.6600001}
  m_Pivot: {x: 0.5, y: 0.5}
--- !u!222 &7558291954458692048
CanvasRenderer:
  m_ObjectHideFlags: 0
  m_CorrespondingSourceObject: {fileID: 0}
  m_PrefabInstance: {fileID: 0}
  m_PrefabAsset: {fileID: 0}
  m_GameObject: {fileID: 2095160441936339152}
  m_CullTransparentMesh: 0
--- !u!114 &5402570656132326347
MonoBehaviour:
  m_ObjectHideFlags: 0
  m_CorrespondingSourceObject: {fileID: 0}
  m_PrefabInstance: {fileID: 0}
  m_PrefabAsset: {fileID: 0}
  m_GameObject: {fileID: 2095160441936339152}
  m_Enabled: 1
  m_EditorHideFlags: 0
  m_Script: {fileID: 11500000, guid: fe87c0e1cc204ed48ad3b37840f39efc, type: 3}
  m_Name: 
  m_EditorClassIdentifier: 
  m_Material: {fileID: 0}
  m_Color: {r: 1, g: 1, b: 1, a: 1}
  m_RaycastTarget: 1
  m_OnCullStateChanged:
    m_PersistentCalls:
      m_Calls: []
  m_Sprite: {fileID: 21300000, guid: c222cd02c447941edb09ecb6433229ce, type: 3}
  m_Type: 1
  m_PreserveAspect: 0
  m_FillCenter: 1
  m_FillMethod: 4
  m_FillAmount: 1
  m_FillClockwise: 1
  m_FillOrigin: 0
  m_UseSpriteMesh: 0
  m_PixelsPerUnitMultiplier: 5
--- !u!1 &5135090936110442353
GameObject:
  m_ObjectHideFlags: 0
  m_CorrespondingSourceObject: {fileID: 0}
  m_PrefabInstance: {fileID: 0}
  m_PrefabAsset: {fileID: 0}
  serializedVersion: 6
  m_Component:
  - component: {fileID: 1473574582172825683}
  - component: {fileID: 3126487544222442153}
  - component: {fileID: 4752171094047228963}
  m_Layer: 5
  m_Name: ToolName
  m_TagString: Untagged
  m_Icon: {fileID: 0}
  m_NavMeshLayer: 0
  m_StaticEditorFlags: 0
  m_IsActive: 1
--- !u!224 &1473574582172825683
RectTransform:
  m_ObjectHideFlags: 0
  m_CorrespondingSourceObject: {fileID: 0}
  m_PrefabInstance: {fileID: 0}
  m_PrefabAsset: {fileID: 0}
  m_GameObject: {fileID: 5135090936110442353}
  m_LocalRotation: {x: 0, y: 0, z: 0, w: 1}
  m_LocalPosition: {x: 0, y: 0, z: 0}
  m_LocalScale: {x: 0.1, y: 0.1, z: 0.1}
  m_Children: []
  m_Father: {fileID: 6091248057989416460}
  m_RootOrder: 2
  m_LocalEulerAnglesHint: {x: 0, y: 0, z: 0}
  m_AnchorMin: {x: 0.5, y: 0.5}
  m_AnchorMax: {x: 0.5, y: 0.5}
  m_AnchoredPosition: {x: -4.12, y: 9.9800005}
  m_SizeDelta: {x: 170.7, y: 76.9}
  m_Pivot: {x: 0.5, y: 0.5}
--- !u!222 &3126487544222442153
CanvasRenderer:
  m_ObjectHideFlags: 0
  m_CorrespondingSourceObject: {fileID: 0}
  m_PrefabInstance: {fileID: 0}
  m_PrefabAsset: {fileID: 0}
  m_GameObject: {fileID: 5135090936110442353}
  m_CullTransparentMesh: 0
--- !u!114 &4752171094047228963
MonoBehaviour:
  m_ObjectHideFlags: 0
  m_CorrespondingSourceObject: {fileID: 0}
  m_PrefabInstance: {fileID: 0}
  m_PrefabAsset: {fileID: 0}
  m_GameObject: {fileID: 5135090936110442353}
  m_Enabled: 1
  m_EditorHideFlags: 0
  m_Script: {fileID: 11500000, guid: 5f7201a12d95ffc409449d95f23cf332, type: 3}
  m_Name: 
  m_EditorClassIdentifier: 
  m_Material: {fileID: 0}
  m_Color: {r: 1, g: 1, b: 1, a: 1}
  m_RaycastTarget: 1
  m_OnCullStateChanged:
    m_PersistentCalls:
      m_Calls: []
  m_FontData:
    m_Font: {fileID: 10102, guid: 0000000000000000e000000000000000, type: 0}
    m_FontSize: 14
    m_FontStyle: 0
    m_BestFit: 0
    m_MinSize: 1
    m_MaxSize: 40
    m_Alignment: 4
    m_AlignByGeometry: 0
    m_RichText: 1
    m_HorizontalOverflow: 0
    m_VerticalOverflow: 0
    m_LineSpacing: 1
  m_Text: 'Tool:'
--- !u!1 &7252083426518264513
GameObject:
  m_ObjectHideFlags: 0
  m_CorrespondingSourceObject: {fileID: 0}
  m_PrefabInstance: {fileID: 0}
  m_PrefabAsset: {fileID: 0}
  serializedVersion: 6
  m_Component:
  - component: {fileID: 5599766781754854561}
  m_Layer: 5
  m_Name: Top Panel
  m_TagString: Untagged
  m_Icon: {fileID: 0}
  m_NavMeshLayer: 0
  m_StaticEditorFlags: 0
  m_IsActive: 1
--- !u!224 &5599766781754854561
RectTransform:
  m_ObjectHideFlags: 0
  m_CorrespondingSourceObject: {fileID: 0}
  m_PrefabInstance: {fileID: 0}
  m_PrefabAsset: {fileID: 0}
  m_GameObject: {fileID: 7252083426518264513}
  m_LocalRotation: {x: 0, y: 0, z: 0, w: 1}
  m_LocalPosition: {x: 0, y: 0, z: 0}
  m_LocalScale: {x: 1, y: 1, z: 1}
  m_Children:
  - {fileID: 5799561018983780974}
  - {fileID: 4873630120876274238}
  - {fileID: 3295132893758915826}
  - {fileID: 2007556457236123584}
  - {fileID: 3798674441703147386}
  - {fileID: 3875826621663564980}
  - {fileID: 8681633913260214223}
  - {fileID: 688404822478317328}
  - {fileID: 217983325576629286}
  m_Father: {fileID: 6091248057989416460}
  m_RootOrder: 0
  m_LocalEulerAnglesHint: {x: 0, y: 0, z: 0}
  m_AnchorMin: {x: 0, y: 1}
  m_AnchorMax: {x: 1, y: 1}
  m_AnchoredPosition: {x: 0, y: 0}
  m_SizeDelta: {x: 0, y: 12.8}
  m_Pivot: {x: 0.5, y: 1}
--- !u!1001 &1298567988266494129
PrefabInstance:
  m_ObjectHideFlags: 0
  serializedVersion: 2
  m_Modification:
    m_TransformParent: {fileID: 5599766781754854561}
    m_Modifications:
    - target: {fileID: 206559547122730821, guid: fc3d6f94e89bd96449597152bb03a50b,
        type: 3}
      propertyPath: m_Name
      value: Dublicate Selection Button
      objectReference: {fileID: 0}
    - target: {fileID: 709656976376244081, guid: fc3d6f94e89bd96449597152bb03a50b,
        type: 3}
      propertyPath: m_LocalPosition.x
      value: 0
      objectReference: {fileID: 0}
    - target: {fileID: 709656976376244081, guid: fc3d6f94e89bd96449597152bb03a50b,
        type: 3}
      propertyPath: m_LocalPosition.y
      value: 0
      objectReference: {fileID: 0}
    - target: {fileID: 709656976376244081, guid: fc3d6f94e89bd96449597152bb03a50b,
        type: 3}
      propertyPath: m_LocalPosition.z
      value: 0
      objectReference: {fileID: 0}
    - target: {fileID: 709656976376244081, guid: fc3d6f94e89bd96449597152bb03a50b,
        type: 3}
      propertyPath: m_LocalRotation.x
      value: -0
      objectReference: {fileID: 0}
    - target: {fileID: 709656976376244081, guid: fc3d6f94e89bd96449597152bb03a50b,
        type: 3}
      propertyPath: m_LocalRotation.y
      value: -0
      objectReference: {fileID: 0}
    - target: {fileID: 709656976376244081, guid: fc3d6f94e89bd96449597152bb03a50b,
        type: 3}
      propertyPath: m_LocalRotation.z
      value: -0
      objectReference: {fileID: 0}
    - target: {fileID: 709656976376244081, guid: fc3d6f94e89bd96449597152bb03a50b,
        type: 3}
      propertyPath: m_LocalRotation.w
      value: 1
      objectReference: {fileID: 0}
    - target: {fileID: 709656976376244081, guid: fc3d6f94e89bd96449597152bb03a50b,
        type: 3}
      propertyPath: m_RootOrder
      value: 3
      objectReference: {fileID: 0}
    - target: {fileID: 709656976376244081, guid: fc3d6f94e89bd96449597152bb03a50b,
        type: 3}
      propertyPath: m_LocalEulerAnglesHint.x
      value: 0
      objectReference: {fileID: 0}
    - target: {fileID: 709656976376244081, guid: fc3d6f94e89bd96449597152bb03a50b,
        type: 3}
      propertyPath: m_LocalEulerAnglesHint.y
      value: 0
      objectReference: {fileID: 0}
    - target: {fileID: 709656976376244081, guid: fc3d6f94e89bd96449597152bb03a50b,
        type: 3}
      propertyPath: m_LocalEulerAnglesHint.z
      value: 0
      objectReference: {fileID: 0}
    - target: {fileID: 709656976376244081, guid: fc3d6f94e89bd96449597152bb03a50b,
        type: 3}
      propertyPath: m_AnchoredPosition.x
      value: 4.76
      objectReference: {fileID: 0}
    - target: {fileID: 709656976376244081, guid: fc3d6f94e89bd96449597152bb03a50b,
        type: 3}
      propertyPath: m_AnchoredPosition.y
      value: -1.45
      objectReference: {fileID: 0}
    - target: {fileID: 709656976376244081, guid: fc3d6f94e89bd96449597152bb03a50b,
        type: 3}
      propertyPath: m_SizeDelta.x
      value: 160
      objectReference: {fileID: 0}
    - target: {fileID: 709656976376244081, guid: fc3d6f94e89bd96449597152bb03a50b,
        type: 3}
      propertyPath: m_SizeDelta.y
      value: 30
      objectReference: {fileID: 0}
    - target: {fileID: 709656976376244081, guid: fc3d6f94e89bd96449597152bb03a50b,
        type: 3}
      propertyPath: m_AnchorMin.x
      value: 0.5
      objectReference: {fileID: 0}
    - target: {fileID: 709656976376244081, guid: fc3d6f94e89bd96449597152bb03a50b,
        type: 3}
      propertyPath: m_AnchorMin.y
      value: 0.5
      objectReference: {fileID: 0}
    - target: {fileID: 709656976376244081, guid: fc3d6f94e89bd96449597152bb03a50b,
        type: 3}
      propertyPath: m_AnchorMax.x
      value: 0.5
      objectReference: {fileID: 0}
    - target: {fileID: 709656976376244081, guid: fc3d6f94e89bd96449597152bb03a50b,
        type: 3}
      propertyPath: m_AnchorMax.y
      value: 0.5
      objectReference: {fileID: 0}
    - target: {fileID: 709656976376244081, guid: fc3d6f94e89bd96449597152bb03a50b,
        type: 3}
      propertyPath: m_Pivot.x
      value: 0.5
      objectReference: {fileID: 0}
    - target: {fileID: 709656976376244081, guid: fc3d6f94e89bd96449597152bb03a50b,
        type: 3}
      propertyPath: m_Pivot.y
      value: 0.5
      objectReference: {fileID: 0}
    - target: {fileID: 709656976376244081, guid: fc3d6f94e89bd96449597152bb03a50b,
        type: 3}
      propertyPath: m_LocalScale.x
      value: 0.05
      objectReference: {fileID: 0}
    - target: {fileID: 709656976376244081, guid: fc3d6f94e89bd96449597152bb03a50b,
        type: 3}
      propertyPath: m_LocalScale.y
      value: 0.05
      objectReference: {fileID: 0}
    - target: {fileID: 709656976376244081, guid: fc3d6f94e89bd96449597152bb03a50b,
        type: 3}
      propertyPath: m_LocalScale.z
      value: 1
      objectReference: {fileID: 0}
    - target: {fileID: 6765207533192342135, guid: fc3d6f94e89bd96449597152bb03a50b,
        type: 3}
      propertyPath: m_OnClick.m_PersistentCalls.m_Calls.Array.data[0].m_Target
      value: 
      objectReference: {fileID: 8022237825107846355}
    - target: {fileID: 6765207533192342135, guid: fc3d6f94e89bd96449597152bb03a50b,
        type: 3}
      propertyPath: m_OnClick.m_PersistentCalls.m_Calls.Array.data[0].m_MethodName
      value: DuplicateSelected
      objectReference: {fileID: 0}
    - target: {fileID: 7506798933485878698, guid: fc3d6f94e89bd96449597152bb03a50b,
        type: 3}
      propertyPath: m_Text
      value: Duplicate
      objectReference: {fileID: 0}
    m_RemovedComponents: []
  m_SourcePrefab: {fileID: 100100000, guid: fc3d6f94e89bd96449597152bb03a50b, type: 3}
--- !u!224 &2007556457236123584 stripped
RectTransform:
  m_CorrespondingSourceObject: {fileID: 709656976376244081, guid: fc3d6f94e89bd96449597152bb03a50b,
    type: 3}
  m_PrefabInstance: {fileID: 1298567988266494129}
  m_PrefabAsset: {fileID: 0}
--- !u!114 &5757756315470955206 stripped
MonoBehaviour:
  m_CorrespondingSourceObject: {fileID: 6765207533192342135, guid: fc3d6f94e89bd96449597152bb03a50b,
    type: 3}
  m_PrefabInstance: {fileID: 1298567988266494129}
  m_PrefabAsset: {fileID: 0}
  m_GameObject: {fileID: 0}
  m_Enabled: 1
  m_EditorHideFlags: 0
  m_Script: {fileID: 11500000, guid: 4e29b1a8efbd4b44bb3f3716e73f07ff, type: 3}
  m_Name: 
  m_EditorClassIdentifier: 
--- !u!1001 &2461757713293439366
PrefabInstance:
  m_ObjectHideFlags: 0
  serializedVersion: 2
  m_Modification:
    m_TransformParent: {fileID: 2119272327274482700}
    m_Modifications:
    - target: {fileID: 5089992650041148486, guid: b9c6fe3e6f9257e4ab48f54a65490d7b,
        type: 3}
      propertyPath: m_Name
      value: Pointer
      objectReference: {fileID: 0}
    - target: {fileID: 5089992650041148486, guid: b9c6fe3e6f9257e4ab48f54a65490d7b,
        type: 3}
      propertyPath: m_IsActive
      value: 1
      objectReference: {fileID: 0}
    - target: {fileID: 5089992650041148491, guid: b9c6fe3e6f9257e4ab48f54a65490d7b,
        type: 3}
      propertyPath: m_LocalPosition.x
      value: 0
      objectReference: {fileID: 0}
    - target: {fileID: 5089992650041148491, guid: b9c6fe3e6f9257e4ab48f54a65490d7b,
        type: 3}
      propertyPath: m_LocalPosition.y
      value: 0
      objectReference: {fileID: 0}
    - target: {fileID: 5089992650041148491, guid: b9c6fe3e6f9257e4ab48f54a65490d7b,
        type: 3}
      propertyPath: m_LocalPosition.z
      value: 0
      objectReference: {fileID: 0}
    - target: {fileID: 5089992650041148491, guid: b9c6fe3e6f9257e4ab48f54a65490d7b,
        type: 3}
      propertyPath: m_LocalRotation.x
      value: 0
      objectReference: {fileID: 0}
    - target: {fileID: 5089992650041148491, guid: b9c6fe3e6f9257e4ab48f54a65490d7b,
        type: 3}
      propertyPath: m_LocalRotation.y
      value: 0
      objectReference: {fileID: 0}
    - target: {fileID: 5089992650041148491, guid: b9c6fe3e6f9257e4ab48f54a65490d7b,
        type: 3}
      propertyPath: m_LocalRotation.z
      value: 0
      objectReference: {fileID: 0}
    - target: {fileID: 5089992650041148491, guid: b9c6fe3e6f9257e4ab48f54a65490d7b,
        type: 3}
      propertyPath: m_LocalRotation.w
      value: 1
      objectReference: {fileID: 0}
    - target: {fileID: 5089992650041148491, guid: b9c6fe3e6f9257e4ab48f54a65490d7b,
        type: 3}
      propertyPath: m_RootOrder
      value: 2
      objectReference: {fileID: 0}
    - target: {fileID: 5089992650041148491, guid: b9c6fe3e6f9257e4ab48f54a65490d7b,
        type: 3}
      propertyPath: m_LocalEulerAnglesHint.x
      value: 0
      objectReference: {fileID: 0}
    - target: {fileID: 5089992650041148491, guid: b9c6fe3e6f9257e4ab48f54a65490d7b,
        type: 3}
      propertyPath: m_LocalEulerAnglesHint.y
      value: 0
      objectReference: {fileID: 0}
    - target: {fileID: 5089992650041148491, guid: b9c6fe3e6f9257e4ab48f54a65490d7b,
        type: 3}
      propertyPath: m_LocalEulerAnglesHint.z
      value: 0
      objectReference: {fileID: 0}
    - target: {fileID: 3419450254488198415, guid: b9c6fe3e6f9257e4ab48f54a65490d7b,
        type: 3}
      propertyPath: m_IsActive
      value: 1
      objectReference: {fileID: 0}
    - target: {fileID: 8409577294300438185, guid: b9c6fe3e6f9257e4ab48f54a65490d7b,
        type: 3}
      propertyPath: m_IsActive
      value: 0
      objectReference: {fileID: 0}
    - target: {fileID: 5358416978365588103, guid: b9c6fe3e6f9257e4ab48f54a65490d7b,
        type: 3}
      propertyPath: _gizmo
      value: 
      objectReference: {fileID: 4100479217875147501}
    - target: {fileID: 5358416978365588103, guid: b9c6fe3e6f9257e4ab48f54a65490d7b,
        type: 3}
      propertyPath: _home_menu
      value: 
      objectReference: {fileID: 8022237825107846355}
    - target: {fileID: 5358416978365588103, guid: b9c6fe3e6f9257e4ab48f54a65490d7b,
        type: 3}
      propertyPath: _main_camera
      value: 
      objectReference: {fileID: 2483848131698262168}
    - target: {fileID: 7691575083602965113, guid: b9c6fe3e6f9257e4ab48f54a65490d7b,
        type: 3}
      propertyPath: _gameMenu
      value: 
      objectReference: {fileID: 8022237825107846355}
    - target: {fileID: 4922063619449168333, guid: b9c6fe3e6f9257e4ab48f54a65490d7b,
        type: 3}
      propertyPath: _gameMenu
      value: 
      objectReference: {fileID: 8022237825107846355}
    m_RemovedComponents: []
  m_SourcePrefab: {fileID: 100100000, guid: b9c6fe3e6f9257e4ab48f54a65490d7b, type: 3}
--- !u!1 &8336446554244409083 stripped
GameObject:
  m_CorrespondingSourceObject: {fileID: 5879707019709683581, guid: b9c6fe3e6f9257e4ab48f54a65490d7b,
    type: 3}
  m_PrefabInstance: {fileID: 2461757713293439366}
  m_PrefabAsset: {fileID: 0}
--- !u!1 &1964954093869031997 stripped
GameObject:
  m_CorrespondingSourceObject: {fileID: 4137964519717442491, guid: b9c6fe3e6f9257e4ab48f54a65490d7b,
    type: 3}
  m_PrefabInstance: {fileID: 2461757713293439366}
  m_PrefabAsset: {fileID: 0}
--- !u!1 &963128735191379081 stripped
GameObject:
  m_CorrespondingSourceObject: {fileID: 3419450254488198415, guid: b9c6fe3e6f9257e4ab48f54a65490d7b,
    type: 3}
  m_PrefabInstance: {fileID: 2461757713293439366}
  m_PrefabAsset: {fileID: 0}
--- !u!114 &5229837303337747455 stripped
MonoBehaviour:
  m_CorrespondingSourceObject: {fileID: 7691575083602965113, guid: b9c6fe3e6f9257e4ab48f54a65490d7b,
    type: 3}
  m_PrefabInstance: {fileID: 2461757713293439366}
  m_PrefabAsset: {fileID: 0}
  m_GameObject: {fileID: 0}
  m_Enabled: 1
  m_EditorHideFlags: 0
  m_Script: {fileID: 11500000, guid: f2e8eb48d7a4a704ca7ea48e92e6c8d9, type: 3}
  m_Name: 
  m_EditorClassIdentifier: 
--- !u!114 &7526922639681114881 stripped
MonoBehaviour:
  m_CorrespondingSourceObject: {fileID: 5358416978365588103, guid: b9c6fe3e6f9257e4ab48f54a65490d7b,
    type: 3}
  m_PrefabInstance: {fileID: 2461757713293439366}
  m_PrefabAsset: {fileID: 0}
  m_GameObject: {fileID: 0}
  m_Enabled: 1
  m_EditorHideFlags: 0
  m_Script: {fileID: 11500000, guid: 73748ee771b1dbb4dbf7461cf4632b65, type: 3}
  m_Name: 
  m_EditorClassIdentifier: 
--- !u!4 &7244781896111207885 stripped
Transform:
  m_CorrespondingSourceObject: {fileID: 5089992650041148491, guid: b9c6fe3e6f9257e4ab48f54a65490d7b,
    type: 3}
  m_PrefabInstance: {fileID: 2461757713293439366}
  m_PrefabAsset: {fileID: 0}
--- !u!1 &6551513246765715474 stripped
GameObject:
  m_CorrespondingSourceObject: {fileID: 8701602155801502100, guid: b9c6fe3e6f9257e4ab48f54a65490d7b,
    type: 3}
  m_PrefabInstance: {fileID: 2461757713293439366}
  m_PrefabAsset: {fileID: 0}
--- !u!1 &3688297407919374450 stripped
GameObject:
  m_CorrespondingSourceObject: {fileID: 1226841034058215924, guid: b9c6fe3e6f9257e4ab48f54a65490d7b,
    type: 3}
  m_PrefabInstance: {fileID: 2461757713293439366}
  m_PrefabAsset: {fileID: 0}
--- !u!1 &4863827868703328533 stripped
GameObject:
  m_CorrespondingSourceObject: {fileID: 7013831083613223059, guid: b9c6fe3e6f9257e4ab48f54a65490d7b,
    type: 3}
  m_PrefabInstance: {fileID: 2461757713293439366}
  m_PrefabAsset: {fileID: 0}
--- !u!1 &415099536456320393 stripped
GameObject:
  m_CorrespondingSourceObject: {fileID: 2876482176667776015, guid: b9c6fe3e6f9257e4ab48f54a65490d7b,
    type: 3}
  m_PrefabInstance: {fileID: 2461757713293439366}
  m_PrefabAsset: {fileID: 0}
--- !u!114 &7378942726396104779 stripped
MonoBehaviour:
  m_CorrespondingSourceObject: {fileID: 4922063619449168333, guid: b9c6fe3e6f9257e4ab48f54a65490d7b,
    type: 3}
  m_PrefabInstance: {fileID: 2461757713293439366}
  m_PrefabAsset: {fileID: 0}
  m_GameObject: {fileID: 0}
  m_Enabled: 1
  m_EditorHideFlags: 0
  m_Script: {fileID: 11500000, guid: f2e8eb48d7a4a704ca7ea48e92e6c8d9, type: 3}
  m_Name: 
  m_EditorClassIdentifier: 
--- !u!1 &1718490772563662692 stripped
GameObject:
  m_CorrespondingSourceObject: {fileID: 3886788827022321378, guid: b9c6fe3e6f9257e4ab48f54a65490d7b,
    type: 3}
  m_PrefabInstance: {fileID: 2461757713293439366}
  m_PrefabAsset: {fileID: 0}
--- !u!1001 &2463608668567233358
PrefabInstance:
  m_ObjectHideFlags: 0
  serializedVersion: 2
  m_Modification:
    m_TransformParent: {fileID: 2119272327274482700}
    m_Modifications:
    - target: {fileID: 1011244501761250, guid: 24158fb1437dc8e418d893939758764d, type: 3}
      propertyPath: m_Name
      value: Main Camera
      objectReference: {fileID: 0}
    - target: {fileID: 4214550324010282, guid: 24158fb1437dc8e418d893939758764d, type: 3}
      propertyPath: m_LocalPosition.x
      value: 0
      objectReference: {fileID: 0}
    - target: {fileID: 4214550324010282, guid: 24158fb1437dc8e418d893939758764d, type: 3}
      propertyPath: m_LocalPosition.y
      value: 0
      objectReference: {fileID: 0}
    - target: {fileID: 4214550324010282, guid: 24158fb1437dc8e418d893939758764d, type: 3}
      propertyPath: m_LocalPosition.z
      value: 0
      objectReference: {fileID: 0}
    - target: {fileID: 4214550324010282, guid: 24158fb1437dc8e418d893939758764d, type: 3}
      propertyPath: m_LocalRotation.x
      value: -0
      objectReference: {fileID: 0}
    - target: {fileID: 4214550324010282, guid: 24158fb1437dc8e418d893939758764d, type: 3}
      propertyPath: m_LocalRotation.y
      value: -0
      objectReference: {fileID: 0}
    - target: {fileID: 4214550324010282, guid: 24158fb1437dc8e418d893939758764d, type: 3}
      propertyPath: m_LocalRotation.z
      value: -0
      objectReference: {fileID: 0}
    - target: {fileID: 4214550324010282, guid: 24158fb1437dc8e418d893939758764d, type: 3}
      propertyPath: m_LocalRotation.w
      value: 1
      objectReference: {fileID: 0}
    - target: {fileID: 4214550324010282, guid: 24158fb1437dc8e418d893939758764d, type: 3}
      propertyPath: m_RootOrder
      value: 1
      objectReference: {fileID: 0}
    - target: {fileID: 4214550324010282, guid: 24158fb1437dc8e418d893939758764d, type: 3}
      propertyPath: m_LocalEulerAnglesHint.x
      value: 0
      objectReference: {fileID: 0}
    - target: {fileID: 4214550324010282, guid: 24158fb1437dc8e418d893939758764d, type: 3}
      propertyPath: m_LocalEulerAnglesHint.y
      value: 0
      objectReference: {fileID: 0}
    - target: {fileID: 4214550324010282, guid: 24158fb1437dc8e418d893939758764d, type: 3}
      propertyPath: m_LocalEulerAnglesHint.z
      value: 0
      objectReference: {fileID: 0}
    m_RemovedComponents: []
  m_SourcePrefab: {fileID: 100100000, guid: 24158fb1437dc8e418d893939758764d, type: 3}
--- !u!4 &2467557068273794660 stripped
Transform:
  m_CorrespondingSourceObject: {fileID: 4214550324010282, guid: 24158fb1437dc8e418d893939758764d,
    type: 3}
  m_PrefabInstance: {fileID: 2463608668567233358}
  m_PrefabAsset: {fileID: 0}
--- !u!20 &2483848131698262168 stripped
Camera:
  m_CorrespondingSourceObject: {fileID: 20294507499185110, guid: 24158fb1437dc8e418d893939758764d,
    type: 3}
  m_PrefabInstance: {fileID: 2463608668567233358}
  m_PrefabAsset: {fileID: 0}
--- !u!1001 &2463608669478571618
PrefabInstance:
  m_ObjectHideFlags: 0
  serializedVersion: 2
  m_Modification:
    m_TransformParent: {fileID: 2119272327274482700}
    m_Modifications:
    - target: {fileID: 3056296962758725215, guid: 94c52ced4e2bdbd4c92b6b693c04022a,
        type: 3}
      propertyPath: m_Name
      value: Gizmo
      objectReference: {fileID: 0}
    - target: {fileID: 3056296962758725215, guid: 94c52ced4e2bdbd4c92b6b693c04022a,
        type: 3}
      propertyPath: m_IsActive
      value: 1
      objectReference: {fileID: 0}
    - target: {fileID: 5095487848365875303, guid: 94c52ced4e2bdbd4c92b6b693c04022a,
        type: 3}
      propertyPath: m_LocalPosition.x
      value: 0
      objectReference: {fileID: 0}
    - target: {fileID: 5095487848365875303, guid: 94c52ced4e2bdbd4c92b6b693c04022a,
        type: 3}
      propertyPath: m_LocalPosition.y
      value: 0
      objectReference: {fileID: 0}
    - target: {fileID: 5095487848365875303, guid: 94c52ced4e2bdbd4c92b6b693c04022a,
        type: 3}
      propertyPath: m_LocalPosition.z
      value: 0
      objectReference: {fileID: 0}
    - target: {fileID: 5095487848365875303, guid: 94c52ced4e2bdbd4c92b6b693c04022a,
        type: 3}
      propertyPath: m_LocalRotation.x
      value: -0
      objectReference: {fileID: 0}
    - target: {fileID: 5095487848365875303, guid: 94c52ced4e2bdbd4c92b6b693c04022a,
        type: 3}
      propertyPath: m_LocalRotation.y
      value: -0
      objectReference: {fileID: 0}
    - target: {fileID: 5095487848365875303, guid: 94c52ced4e2bdbd4c92b6b693c04022a,
        type: 3}
      propertyPath: m_LocalRotation.z
      value: -0
      objectReference: {fileID: 0}
    - target: {fileID: 5095487848365875303, guid: 94c52ced4e2bdbd4c92b6b693c04022a,
        type: 3}
      propertyPath: m_LocalRotation.w
      value: 1
      objectReference: {fileID: 0}
    - target: {fileID: 5095487848365875303, guid: 94c52ced4e2bdbd4c92b6b693c04022a,
        type: 3}
      propertyPath: m_RootOrder
      value: 0
      objectReference: {fileID: 0}
    - target: {fileID: 5095487848365875303, guid: 94c52ced4e2bdbd4c92b6b693c04022a,
        type: 3}
      propertyPath: m_LocalEulerAnglesHint.x
      value: 0
      objectReference: {fileID: 0}
    - target: {fileID: 5095487848365875303, guid: 94c52ced4e2bdbd4c92b6b693c04022a,
        type: 3}
      propertyPath: m_LocalEulerAnglesHint.y
      value: 0
      objectReference: {fileID: 0}
    - target: {fileID: 5095487848365875303, guid: 94c52ced4e2bdbd4c92b6b693c04022a,
        type: 3}
      propertyPath: m_LocalEulerAnglesHint.z
      value: 0
      objectReference: {fileID: 0}
    - target: {fileID: 4221861737913403768, guid: 94c52ced4e2bdbd4c92b6b693c04022a,
        type: 3}
      propertyPath: viewIdField
      value: 0
      objectReference: {fileID: 0}
    m_RemovedComponents: []
  m_SourcePrefab: {fileID: 100100000, guid: 94c52ced4e2bdbd4c92b6b693c04022a, type: 3}
--- !u!114 &4100479217875147501 stripped
MonoBehaviour:
  m_CorrespondingSourceObject: {fileID: 1934202683196314767, guid: 94c52ced4e2bdbd4c92b6b693c04022a,
    type: 3}
  m_PrefabInstance: {fileID: 2463608669478571618}
  m_PrefabAsset: {fileID: 0}
  m_GameObject: {fileID: 0}
  m_Enabled: 1
  m_EditorHideFlags: 0
  m_Script: {fileID: 11500000, guid: 54a0f07e53514f84a80bc8b3f76dd714, type: 3}
  m_Name: 
  m_EditorClassIdentifier: 
--- !u!4 &7243670819446795781 stripped
Transform:
  m_CorrespondingSourceObject: {fileID: 5095487848365875303, guid: 94c52ced4e2bdbd4c92b6b693c04022a,
    type: 3}
  m_PrefabInstance: {fileID: 2463608669478571618}
  m_PrefabAsset: {fileID: 0}
--- !u!1001 &2622111662043046787
PrefabInstance:
  m_ObjectHideFlags: 0
  serializedVersion: 2
  m_Modification:
    m_TransformParent: {fileID: 5599766781754854561}
    m_Modifications:
    - target: {fileID: 206559547122730821, guid: fc3d6f94e89bd96449597152bb03a50b,
        type: 3}
      propertyPath: m_Name
      value: Delete Selection Button
      objectReference: {fileID: 0}
    - target: {fileID: 709656976376244081, guid: fc3d6f94e89bd96449597152bb03a50b,
        type: 3}
      propertyPath: m_LocalPosition.x
      value: 0
      objectReference: {fileID: 0}
    - target: {fileID: 709656976376244081, guid: fc3d6f94e89bd96449597152bb03a50b,
        type: 3}
      propertyPath: m_LocalPosition.y
      value: 0
      objectReference: {fileID: 0}
    - target: {fileID: 709656976376244081, guid: fc3d6f94e89bd96449597152bb03a50b,
        type: 3}
      propertyPath: m_LocalPosition.z
      value: 0
      objectReference: {fileID: 0}
    - target: {fileID: 709656976376244081, guid: fc3d6f94e89bd96449597152bb03a50b,
        type: 3}
      propertyPath: m_LocalRotation.x
      value: -0
      objectReference: {fileID: 0}
    - target: {fileID: 709656976376244081, guid: fc3d6f94e89bd96449597152bb03a50b,
        type: 3}
      propertyPath: m_LocalRotation.y
      value: -0
      objectReference: {fileID: 0}
    - target: {fileID: 709656976376244081, guid: fc3d6f94e89bd96449597152bb03a50b,
        type: 3}
      propertyPath: m_LocalRotation.z
      value: -0
      objectReference: {fileID: 0}
    - target: {fileID: 709656976376244081, guid: fc3d6f94e89bd96449597152bb03a50b,
        type: 3}
      propertyPath: m_LocalRotation.w
      value: 1
      objectReference: {fileID: 0}
    - target: {fileID: 709656976376244081, guid: fc3d6f94e89bd96449597152bb03a50b,
        type: 3}
      propertyPath: m_RootOrder
      value: 2
      objectReference: {fileID: 0}
    - target: {fileID: 709656976376244081, guid: fc3d6f94e89bd96449597152bb03a50b,
        type: 3}
      propertyPath: m_LocalEulerAnglesHint.x
      value: 0
      objectReference: {fileID: 0}
    - target: {fileID: 709656976376244081, guid: fc3d6f94e89bd96449597152bb03a50b,
        type: 3}
      propertyPath: m_LocalEulerAnglesHint.y
      value: 0
      objectReference: {fileID: 0}
    - target: {fileID: 709656976376244081, guid: fc3d6f94e89bd96449597152bb03a50b,
        type: 3}
      propertyPath: m_LocalEulerAnglesHint.z
      value: 0
      objectReference: {fileID: 0}
    - target: {fileID: 709656976376244081, guid: fc3d6f94e89bd96449597152bb03a50b,
        type: 3}
      propertyPath: m_AnchoredPosition.x
      value: 4.76
      objectReference: {fileID: 0}
    - target: {fileID: 709656976376244081, guid: fc3d6f94e89bd96449597152bb03a50b,
        type: 3}
      propertyPath: m_AnchoredPosition.y
      value: 2.84
      objectReference: {fileID: 0}
    - target: {fileID: 709656976376244081, guid: fc3d6f94e89bd96449597152bb03a50b,
        type: 3}
      propertyPath: m_SizeDelta.x
      value: 160
      objectReference: {fileID: 0}
    - target: {fileID: 709656976376244081, guid: fc3d6f94e89bd96449597152bb03a50b,
        type: 3}
      propertyPath: m_SizeDelta.y
      value: 30
      objectReference: {fileID: 0}
    - target: {fileID: 709656976376244081, guid: fc3d6f94e89bd96449597152bb03a50b,
        type: 3}
      propertyPath: m_AnchorMin.x
      value: 0.5
      objectReference: {fileID: 0}
    - target: {fileID: 709656976376244081, guid: fc3d6f94e89bd96449597152bb03a50b,
        type: 3}
      propertyPath: m_AnchorMin.y
      value: 0.5
      objectReference: {fileID: 0}
    - target: {fileID: 709656976376244081, guid: fc3d6f94e89bd96449597152bb03a50b,
        type: 3}
      propertyPath: m_AnchorMax.x
      value: 0.5
      objectReference: {fileID: 0}
    - target: {fileID: 709656976376244081, guid: fc3d6f94e89bd96449597152bb03a50b,
        type: 3}
      propertyPath: m_AnchorMax.y
      value: 0.5
      objectReference: {fileID: 0}
    - target: {fileID: 709656976376244081, guid: fc3d6f94e89bd96449597152bb03a50b,
        type: 3}
      propertyPath: m_Pivot.x
      value: 0.5
      objectReference: {fileID: 0}
    - target: {fileID: 709656976376244081, guid: fc3d6f94e89bd96449597152bb03a50b,
        type: 3}
      propertyPath: m_Pivot.y
      value: 0.5
      objectReference: {fileID: 0}
    - target: {fileID: 709656976376244081, guid: fc3d6f94e89bd96449597152bb03a50b,
        type: 3}
      propertyPath: m_LocalScale.x
      value: 0.05
      objectReference: {fileID: 0}
    - target: {fileID: 709656976376244081, guid: fc3d6f94e89bd96449597152bb03a50b,
        type: 3}
      propertyPath: m_LocalScale.y
      value: 0.05
      objectReference: {fileID: 0}
    - target: {fileID: 709656976376244081, guid: fc3d6f94e89bd96449597152bb03a50b,
        type: 3}
      propertyPath: m_LocalScale.z
      value: 1
      objectReference: {fileID: 0}
    - target: {fileID: 6765207533192342135, guid: fc3d6f94e89bd96449597152bb03a50b,
        type: 3}
      propertyPath: m_OnClick.m_PersistentCalls.m_Calls.Array.data[0].m_Target
      value: 
      objectReference: {fileID: 8022237825107846355}
    - target: {fileID: 6765207533192342135, guid: fc3d6f94e89bd96449597152bb03a50b,
        type: 3}
      propertyPath: m_OnClick.m_PersistentCalls.m_Calls.Array.data[0].m_MethodName
      value: DeleteSelected
      objectReference: {fileID: 0}
    - target: {fileID: 7506798933485878698, guid: fc3d6f94e89bd96449597152bb03a50b,
        type: 3}
      propertyPath: m_Text
      value: Delete
      objectReference: {fileID: 0}
    m_RemovedComponents: []
  m_SourcePrefab: {fileID: 100100000, guid: fc3d6f94e89bd96449597152bb03a50b, type: 3}
--- !u!114 &8755354752323537396 stripped
MonoBehaviour:
  m_CorrespondingSourceObject: {fileID: 6765207533192342135, guid: fc3d6f94e89bd96449597152bb03a50b,
    type: 3}
  m_PrefabInstance: {fileID: 2622111662043046787}
  m_PrefabAsset: {fileID: 0}
  m_GameObject: {fileID: 0}
  m_Enabled: 1
  m_EditorHideFlags: 0
  m_Script: {fileID: 11500000, guid: 4e29b1a8efbd4b44bb3f3716e73f07ff, type: 3}
  m_Name: 
  m_EditorClassIdentifier: 
--- !u!224 &3295132893758915826 stripped
RectTransform:
  m_CorrespondingSourceObject: {fileID: 709656976376244081, guid: fc3d6f94e89bd96449597152bb03a50b,
    type: 3}
  m_PrefabInstance: {fileID: 2622111662043046787}
  m_PrefabAsset: {fileID: 0}
--- !u!1001 &4328107150209119173
PrefabInstance:
  m_ObjectHideFlags: 0
  serializedVersion: 2
  m_Modification:
    m_TransformParent: {fileID: 5599766781754854561}
    m_Modifications:
    - target: {fileID: 206559547122730821, guid: fc3d6f94e89bd96449597152bb03a50b,
        type: 3}
      propertyPath: m_Name
      value: Toggle Gizmo Mode
      objectReference: {fileID: 0}
    - target: {fileID: 709656976376244081, guid: fc3d6f94e89bd96449597152bb03a50b,
        type: 3}
      propertyPath: m_LocalPosition.x
      value: 0
      objectReference: {fileID: 0}
    - target: {fileID: 709656976376244081, guid: fc3d6f94e89bd96449597152bb03a50b,
        type: 3}
      propertyPath: m_LocalPosition.y
      value: 0
      objectReference: {fileID: 0}
    - target: {fileID: 709656976376244081, guid: fc3d6f94e89bd96449597152bb03a50b,
        type: 3}
      propertyPath: m_LocalPosition.z
      value: 0
      objectReference: {fileID: 0}
    - target: {fileID: 709656976376244081, guid: fc3d6f94e89bd96449597152bb03a50b,
        type: 3}
      propertyPath: m_LocalRotation.x
      value: 0
      objectReference: {fileID: 0}
    - target: {fileID: 709656976376244081, guid: fc3d6f94e89bd96449597152bb03a50b,
        type: 3}
      propertyPath: m_LocalRotation.y
      value: 0
      objectReference: {fileID: 0}
    - target: {fileID: 709656976376244081, guid: fc3d6f94e89bd96449597152bb03a50b,
        type: 3}
      propertyPath: m_LocalRotation.z
      value: 0
      objectReference: {fileID: 0}
    - target: {fileID: 709656976376244081, guid: fc3d6f94e89bd96449597152bb03a50b,
        type: 3}
      propertyPath: m_LocalRotation.w
      value: 1
      objectReference: {fileID: 0}
    - target: {fileID: 709656976376244081, guid: fc3d6f94e89bd96449597152bb03a50b,
        type: 3}
      propertyPath: m_RootOrder
      value: 5
      objectReference: {fileID: 0}
    - target: {fileID: 709656976376244081, guid: fc3d6f94e89bd96449597152bb03a50b,
        type: 3}
      propertyPath: m_LocalEulerAnglesHint.x
      value: 0
      objectReference: {fileID: 0}
    - target: {fileID: 709656976376244081, guid: fc3d6f94e89bd96449597152bb03a50b,
        type: 3}
      propertyPath: m_LocalEulerAnglesHint.y
      value: 0
      objectReference: {fileID: 0}
    - target: {fileID: 709656976376244081, guid: fc3d6f94e89bd96449597152bb03a50b,
        type: 3}
      propertyPath: m_LocalEulerAnglesHint.z
      value: 0
      objectReference: {fileID: 0}
    - target: {fileID: 709656976376244081, guid: fc3d6f94e89bd96449597152bb03a50b,
        type: 3}
      propertyPath: m_AnchoredPosition.x
      value: -4.1899996
      objectReference: {fileID: 0}
    - target: {fileID: 709656976376244081, guid: fc3d6f94e89bd96449597152bb03a50b,
        type: 3}
      propertyPath: m_AnchoredPosition.y
      value: 2.7799997
      objectReference: {fileID: 0}
    - target: {fileID: 709656976376244081, guid: fc3d6f94e89bd96449597152bb03a50b,
        type: 3}
      propertyPath: m_SizeDelta.x
      value: 160
      objectReference: {fileID: 0}
    - target: {fileID: 709656976376244081, guid: fc3d6f94e89bd96449597152bb03a50b,
        type: 3}
      propertyPath: m_SizeDelta.y
      value: 30
      objectReference: {fileID: 0}
    - target: {fileID: 709656976376244081, guid: fc3d6f94e89bd96449597152bb03a50b,
        type: 3}
      propertyPath: m_AnchorMin.x
      value: 0.5
      objectReference: {fileID: 0}
    - target: {fileID: 709656976376244081, guid: fc3d6f94e89bd96449597152bb03a50b,
        type: 3}
      propertyPath: m_AnchorMin.y
      value: 0.5
      objectReference: {fileID: 0}
    - target: {fileID: 709656976376244081, guid: fc3d6f94e89bd96449597152bb03a50b,
        type: 3}
      propertyPath: m_AnchorMax.x
      value: 0.5
      objectReference: {fileID: 0}
    - target: {fileID: 709656976376244081, guid: fc3d6f94e89bd96449597152bb03a50b,
        type: 3}
      propertyPath: m_AnchorMax.y
      value: 0.5
      objectReference: {fileID: 0}
    - target: {fileID: 709656976376244081, guid: fc3d6f94e89bd96449597152bb03a50b,
        type: 3}
      propertyPath: m_Pivot.x
      value: 0.5
      objectReference: {fileID: 0}
    - target: {fileID: 709656976376244081, guid: fc3d6f94e89bd96449597152bb03a50b,
        type: 3}
      propertyPath: m_Pivot.y
      value: 0.5
      objectReference: {fileID: 0}
    - target: {fileID: 6765207533192342135, guid: fc3d6f94e89bd96449597152bb03a50b,
        type: 3}
      propertyPath: m_OnClick.m_PersistentCalls.m_Calls.Array.data[0].m_Target
      value: 
      objectReference: {fileID: 7526922639681114881}
    - target: {fileID: 6765207533192342135, guid: fc3d6f94e89bd96449597152bb03a50b,
        type: 3}
      propertyPath: m_OnClick.m_PersistentCalls.m_Calls.Array.data[0].m_MethodName
      value: SetControlMode
      objectReference: {fileID: 0}
    - target: {fileID: 6765207533192342135, guid: fc3d6f94e89bd96449597152bb03a50b,
        type: 3}
      propertyPath: m_OnClick.m_PersistentCalls.m_Calls.Array.data[0].m_Mode
      value: 3
      objectReference: {fileID: 0}
    - target: {fileID: 6765207533192342135, guid: fc3d6f94e89bd96449597152bb03a50b,
        type: 3}
      propertyPath: m_OnClick.m_PersistentCalls.m_Calls.Array.data[0].m_Arguments.m_IntArgument
      value: 0
      objectReference: {fileID: 0}
    - target: {fileID: 7506798933485878698, guid: fc3d6f94e89bd96449597152bb03a50b,
        type: 3}
      propertyPath: m_Text
      value: Gizmo Tool
      objectReference: {fileID: 0}
    m_RemovedComponents: []
  m_SourcePrefab: {fileID: 100100000, guid: fc3d6f94e89bd96449597152bb03a50b, type: 3}
--- !u!224 &3875826621663564980 stripped
RectTransform:
  m_CorrespondingSourceObject: {fileID: 709656976376244081, guid: fc3d6f94e89bd96449597152bb03a50b,
    type: 3}
  m_PrefabInstance: {fileID: 4328107150209119173}
  m_PrefabAsset: {fileID: 0}
--- !u!114 &7057807942098295218 stripped
MonoBehaviour:
  m_CorrespondingSourceObject: {fileID: 6765207533192342135, guid: fc3d6f94e89bd96449597152bb03a50b,
    type: 3}
  m_PrefabInstance: {fileID: 4328107150209119173}
  m_PrefabAsset: {fileID: 0}
  m_GameObject: {fileID: 0}
  m_Enabled: 1
  m_EditorHideFlags: 0
  m_Script: {fileID: 11500000, guid: 4e29b1a8efbd4b44bb3f3716e73f07ff, type: 3}
  m_Name: 
  m_EditorClassIdentifier: 
--- !u!1001 &4426667923491971083
PrefabInstance:
  m_ObjectHideFlags: 0
  serializedVersion: 2
  m_Modification:
    m_TransformParent: {fileID: 5599766781754854561}
    m_Modifications:
    - target: {fileID: 206559547122730821, guid: fc3d6f94e89bd96449597152bb03a50b,
        type: 3}
      propertyPath: m_Name
      value: Leave Game Button
      objectReference: {fileID: 0}
    - target: {fileID: 709656976376244081, guid: fc3d6f94e89bd96449597152bb03a50b,
        type: 3}
      propertyPath: m_LocalPosition.x
      value: 0
      objectReference: {fileID: 0}
    - target: {fileID: 709656976376244081, guid: fc3d6f94e89bd96449597152bb03a50b,
        type: 3}
      propertyPath: m_LocalPosition.y
      value: 0
      objectReference: {fileID: 0}
    - target: {fileID: 709656976376244081, guid: fc3d6f94e89bd96449597152bb03a50b,
        type: 3}
      propertyPath: m_LocalPosition.z
      value: 0
      objectReference: {fileID: 0}
    - target: {fileID: 709656976376244081, guid: fc3d6f94e89bd96449597152bb03a50b,
        type: 3}
      propertyPath: m_LocalRotation.x
      value: -0
      objectReference: {fileID: 0}
    - target: {fileID: 709656976376244081, guid: fc3d6f94e89bd96449597152bb03a50b,
        type: 3}
      propertyPath: m_LocalRotation.y
      value: -0
      objectReference: {fileID: 0}
    - target: {fileID: 709656976376244081, guid: fc3d6f94e89bd96449597152bb03a50b,
        type: 3}
      propertyPath: m_LocalRotation.z
      value: -0
      objectReference: {fileID: 0}
    - target: {fileID: 709656976376244081, guid: fc3d6f94e89bd96449597152bb03a50b,
        type: 3}
      propertyPath: m_LocalRotation.w
      value: 1
      objectReference: {fileID: 0}
    - target: {fileID: 709656976376244081, guid: fc3d6f94e89bd96449597152bb03a50b,
        type: 3}
      propertyPath: m_RootOrder
      value: 4
      objectReference: {fileID: 0}
    - target: {fileID: 709656976376244081, guid: fc3d6f94e89bd96449597152bb03a50b,
        type: 3}
      propertyPath: m_LocalEulerAnglesHint.x
      value: 0
      objectReference: {fileID: 0}
    - target: {fileID: 709656976376244081, guid: fc3d6f94e89bd96449597152bb03a50b,
        type: 3}
      propertyPath: m_LocalEulerAnglesHint.y
      value: 0
      objectReference: {fileID: 0}
    - target: {fileID: 709656976376244081, guid: fc3d6f94e89bd96449597152bb03a50b,
        type: 3}
      propertyPath: m_LocalEulerAnglesHint.z
      value: 0
      objectReference: {fileID: 0}
    - target: {fileID: 709656976376244081, guid: fc3d6f94e89bd96449597152bb03a50b,
        type: 3}
      propertyPath: m_AnchoredPosition.x
      value: 0.54
      objectReference: {fileID: 0}
    - target: {fileID: 709656976376244081, guid: fc3d6f94e89bd96449597152bb03a50b,
        type: 3}
      propertyPath: m_AnchoredPosition.y
      value: -5.83
      objectReference: {fileID: 0}
    - target: {fileID: 709656976376244081, guid: fc3d6f94e89bd96449597152bb03a50b,
        type: 3}
      propertyPath: m_SizeDelta.x
      value: 160
      objectReference: {fileID: 0}
    - target: {fileID: 709656976376244081, guid: fc3d6f94e89bd96449597152bb03a50b,
        type: 3}
      propertyPath: m_SizeDelta.y
      value: 30
      objectReference: {fileID: 0}
    - target: {fileID: 709656976376244081, guid: fc3d6f94e89bd96449597152bb03a50b,
        type: 3}
      propertyPath: m_AnchorMin.x
      value: 0.5
      objectReference: {fileID: 0}
    - target: {fileID: 709656976376244081, guid: fc3d6f94e89bd96449597152bb03a50b,
        type: 3}
      propertyPath: m_AnchorMin.y
      value: 0.5
      objectReference: {fileID: 0}
    - target: {fileID: 709656976376244081, guid: fc3d6f94e89bd96449597152bb03a50b,
        type: 3}
      propertyPath: m_AnchorMax.x
      value: 0.5
      objectReference: {fileID: 0}
    - target: {fileID: 709656976376244081, guid: fc3d6f94e89bd96449597152bb03a50b,
        type: 3}
      propertyPath: m_AnchorMax.y
      value: 0.5
      objectReference: {fileID: 0}
    - target: {fileID: 709656976376244081, guid: fc3d6f94e89bd96449597152bb03a50b,
        type: 3}
      propertyPath: m_Pivot.x
      value: 0.5
      objectReference: {fileID: 0}
    - target: {fileID: 709656976376244081, guid: fc3d6f94e89bd96449597152bb03a50b,
        type: 3}
      propertyPath: m_Pivot.y
      value: 0.5
      objectReference: {fileID: 0}
    - target: {fileID: 709656976376244081, guid: fc3d6f94e89bd96449597152bb03a50b,
        type: 3}
      propertyPath: m_LocalScale.x
      value: 0.05
      objectReference: {fileID: 0}
    - target: {fileID: 709656976376244081, guid: fc3d6f94e89bd96449597152bb03a50b,
        type: 3}
      propertyPath: m_LocalScale.y
      value: 0.05
      objectReference: {fileID: 0}
    - target: {fileID: 709656976376244081, guid: fc3d6f94e89bd96449597152bb03a50b,
        type: 3}
      propertyPath: m_LocalScale.z
      value: 1
      objectReference: {fileID: 0}
    - target: {fileID: 6765207533192342135, guid: fc3d6f94e89bd96449597152bb03a50b,
        type: 3}
      propertyPath: m_OnClick.m_PersistentCalls.m_Calls.Array.data[0].m_Target
      value: 
      objectReference: {fileID: 8022237825107846355}
    - target: {fileID: 6765207533192342135, guid: fc3d6f94e89bd96449597152bb03a50b,
        type: 3}
      propertyPath: m_OnClick.m_PersistentCalls.m_Calls.Array.data[0].m_MethodName
      value: LeaveRoom
      objectReference: {fileID: 0}
    - target: {fileID: 7506798933485878698, guid: fc3d6f94e89bd96449597152bb03a50b,
        type: 3}
      propertyPath: m_Text
      value: Leave Game
      objectReference: {fileID: 0}
    m_RemovedComponents: []
  m_SourcePrefab: {fileID: 100100000, guid: fc3d6f94e89bd96449597152bb03a50b, type: 3}
--- !u!224 &3798674441703147386 stripped
RectTransform:
  m_CorrespondingSourceObject: {fileID: 709656976376244081, guid: fc3d6f94e89bd96449597152bb03a50b,
    type: 3}
  m_PrefabInstance: {fileID: 4426667923491971083}
  m_PrefabAsset: {fileID: 0}
--- !u!114 &6957066837534378620 stripped
MonoBehaviour:
  m_CorrespondingSourceObject: {fileID: 6765207533192342135, guid: fc3d6f94e89bd96449597152bb03a50b,
    type: 3}
  m_PrefabInstance: {fileID: 4426667923491971083}
  m_PrefabAsset: {fileID: 0}
  m_GameObject: {fileID: 0}
  m_Enabled: 1
  m_EditorHideFlags: 0
  m_Script: {fileID: 11500000, guid: 4e29b1a8efbd4b44bb3f3716e73f07ff, type: 3}
  m_Name: 
  m_EditorClassIdentifier: 
--- !u!1001 &5367069780042962255
PrefabInstance:
  m_ObjectHideFlags: 0
  serializedVersion: 2
  m_Modification:
    m_TransformParent: {fileID: 5599766781754854561}
    m_Modifications:
    - target: {fileID: 206559547122730821, guid: fc3d6f94e89bd96449597152bb03a50b,
        type: 3}
      propertyPath: m_Name
      value: Reset Selection Transforms Button
      objectReference: {fileID: 0}
    - target: {fileID: 709656976376244081, guid: fc3d6f94e89bd96449597152bb03a50b,
        type: 3}
      propertyPath: m_LocalPosition.x
      value: 0
      objectReference: {fileID: 0}
    - target: {fileID: 709656976376244081, guid: fc3d6f94e89bd96449597152bb03a50b,
        type: 3}
      propertyPath: m_LocalPosition.y
      value: 0
      objectReference: {fileID: 0}
    - target: {fileID: 709656976376244081, guid: fc3d6f94e89bd96449597152bb03a50b,
        type: 3}
      propertyPath: m_LocalPosition.z
      value: 0
      objectReference: {fileID: 0}
    - target: {fileID: 709656976376244081, guid: fc3d6f94e89bd96449597152bb03a50b,
        type: 3}
      propertyPath: m_LocalRotation.x
      value: -0
      objectReference: {fileID: 0}
    - target: {fileID: 709656976376244081, guid: fc3d6f94e89bd96449597152bb03a50b,
        type: 3}
      propertyPath: m_LocalRotation.y
      value: -0
      objectReference: {fileID: 0}
    - target: {fileID: 709656976376244081, guid: fc3d6f94e89bd96449597152bb03a50b,
        type: 3}
      propertyPath: m_LocalRotation.z
      value: -0
      objectReference: {fileID: 0}
    - target: {fileID: 709656976376244081, guid: fc3d6f94e89bd96449597152bb03a50b,
        type: 3}
      propertyPath: m_LocalRotation.w
      value: 1
      objectReference: {fileID: 0}
    - target: {fileID: 709656976376244081, guid: fc3d6f94e89bd96449597152bb03a50b,
        type: 3}
      propertyPath: m_RootOrder
      value: 1
      objectReference: {fileID: 0}
    - target: {fileID: 709656976376244081, guid: fc3d6f94e89bd96449597152bb03a50b,
        type: 3}
      propertyPath: m_LocalEulerAnglesHint.x
      value: 0
      objectReference: {fileID: 0}
    - target: {fileID: 709656976376244081, guid: fc3d6f94e89bd96449597152bb03a50b,
        type: 3}
      propertyPath: m_LocalEulerAnglesHint.y
      value: 0
      objectReference: {fileID: 0}
    - target: {fileID: 709656976376244081, guid: fc3d6f94e89bd96449597152bb03a50b,
        type: 3}
      propertyPath: m_LocalEulerAnglesHint.z
      value: 0
      objectReference: {fileID: 0}
    - target: {fileID: 709656976376244081, guid: fc3d6f94e89bd96449597152bb03a50b,
        type: 3}
      propertyPath: m_AnchoredPosition.x
      value: 4.76
      objectReference: {fileID: 0}
    - target: {fileID: 709656976376244081, guid: fc3d6f94e89bd96449597152bb03a50b,
        type: 3}
      propertyPath: m_AnchoredPosition.y
      value: 6.75
      objectReference: {fileID: 0}
    - target: {fileID: 709656976376244081, guid: fc3d6f94e89bd96449597152bb03a50b,
        type: 3}
      propertyPath: m_SizeDelta.x
      value: 160
      objectReference: {fileID: 0}
    - target: {fileID: 709656976376244081, guid: fc3d6f94e89bd96449597152bb03a50b,
        type: 3}
      propertyPath: m_SizeDelta.y
      value: 30
      objectReference: {fileID: 0}
    - target: {fileID: 709656976376244081, guid: fc3d6f94e89bd96449597152bb03a50b,
        type: 3}
      propertyPath: m_AnchorMin.x
      value: 0.5
      objectReference: {fileID: 0}
    - target: {fileID: 709656976376244081, guid: fc3d6f94e89bd96449597152bb03a50b,
        type: 3}
      propertyPath: m_AnchorMin.y
      value: 0.5
      objectReference: {fileID: 0}
    - target: {fileID: 709656976376244081, guid: fc3d6f94e89bd96449597152bb03a50b,
        type: 3}
      propertyPath: m_AnchorMax.x
      value: 0.5
      objectReference: {fileID: 0}
    - target: {fileID: 709656976376244081, guid: fc3d6f94e89bd96449597152bb03a50b,
        type: 3}
      propertyPath: m_AnchorMax.y
      value: 0.5
      objectReference: {fileID: 0}
    - target: {fileID: 709656976376244081, guid: fc3d6f94e89bd96449597152bb03a50b,
        type: 3}
      propertyPath: m_Pivot.x
      value: 0.5
      objectReference: {fileID: 0}
    - target: {fileID: 709656976376244081, guid: fc3d6f94e89bd96449597152bb03a50b,
        type: 3}
      propertyPath: m_Pivot.y
      value: 0.5
      objectReference: {fileID: 0}
    - target: {fileID: 709656976376244081, guid: fc3d6f94e89bd96449597152bb03a50b,
        type: 3}
      propertyPath: m_LocalScale.x
      value: 0.05
      objectReference: {fileID: 0}
    - target: {fileID: 709656976376244081, guid: fc3d6f94e89bd96449597152bb03a50b,
        type: 3}
      propertyPath: m_LocalScale.y
      value: 0.05
      objectReference: {fileID: 0}
    - target: {fileID: 709656976376244081, guid: fc3d6f94e89bd96449597152bb03a50b,
        type: 3}
      propertyPath: m_LocalScale.z
      value: 1
      objectReference: {fileID: 0}
    - target: {fileID: 6765207533192342135, guid: fc3d6f94e89bd96449597152bb03a50b,
        type: 3}
      propertyPath: m_OnClick.m_PersistentCalls.m_Calls.Array.data[0].m_Target
      value: 
      objectReference: {fileID: 8022237825107846355}
    - target: {fileID: 6765207533192342135, guid: fc3d6f94e89bd96449597152bb03a50b,
        type: 3}
      propertyPath: m_OnClick.m_PersistentCalls.m_Calls.Array.data[0].m_MethodName
      value: ResetSelectedTransforms
      objectReference: {fileID: 0}
    - target: {fileID: 7506798933485878698, guid: fc3d6f94e89bd96449597152bb03a50b,
        type: 3}
      propertyPath: m_Text
      value: Reset
      objectReference: {fileID: 0}
    m_RemovedComponents: []
  m_SourcePrefab: {fileID: 100100000, guid: fc3d6f94e89bd96449597152bb03a50b, type: 3}
--- !u!114 &1700515605813673784 stripped
MonoBehaviour:
  m_CorrespondingSourceObject: {fileID: 6765207533192342135, guid: fc3d6f94e89bd96449597152bb03a50b,
    type: 3}
  m_PrefabInstance: {fileID: 5367069780042962255}
  m_PrefabAsset: {fileID: 0}
  m_GameObject: {fileID: 0}
  m_Enabled: 1
  m_EditorHideFlags: 0
  m_Script: {fileID: 11500000, guid: 4e29b1a8efbd4b44bb3f3716e73f07ff, type: 3}
  m_Name: 
  m_EditorClassIdentifier: 
--- !u!224 &4873630120876274238 stripped
RectTransform:
  m_CorrespondingSourceObject: {fileID: 709656976376244081, guid: fc3d6f94e89bd96449597152bb03a50b,
    type: 3}
  m_PrefabInstance: {fileID: 5367069780042962255}
  m_PrefabAsset: {fileID: 0}
--- !u!1001 &6459599229621089567
PrefabInstance:
  m_ObjectHideFlags: 0
  serializedVersion: 2
  m_Modification:
    m_TransformParent: {fileID: 5599766781754854561}
    m_Modifications:
    - target: {fileID: 206559547122730821, guid: fc3d6f94e89bd96449597152bb03a50b,
        type: 3}
      propertyPath: m_Name
      value: Toggle Grab Mode
      objectReference: {fileID: 0}
    - target: {fileID: 709656976376244081, guid: fc3d6f94e89bd96449597152bb03a50b,
        type: 3}
      propertyPath: m_LocalPosition.x
      value: 0
      objectReference: {fileID: 0}
    - target: {fileID: 709656976376244081, guid: fc3d6f94e89bd96449597152bb03a50b,
        type: 3}
      propertyPath: m_LocalPosition.y
      value: 0
      objectReference: {fileID: 0}
    - target: {fileID: 709656976376244081, guid: fc3d6f94e89bd96449597152bb03a50b,
        type: 3}
      propertyPath: m_LocalPosition.z
      value: 0
      objectReference: {fileID: 0}
    - target: {fileID: 709656976376244081, guid: fc3d6f94e89bd96449597152bb03a50b,
        type: 3}
      propertyPath: m_LocalRotation.x
      value: 0
      objectReference: {fileID: 0}
    - target: {fileID: 709656976376244081, guid: fc3d6f94e89bd96449597152bb03a50b,
        type: 3}
      propertyPath: m_LocalRotation.y
      value: 0
      objectReference: {fileID: 0}
    - target: {fileID: 709656976376244081, guid: fc3d6f94e89bd96449597152bb03a50b,
        type: 3}
      propertyPath: m_LocalRotation.z
      value: 0
      objectReference: {fileID: 0}
    - target: {fileID: 709656976376244081, guid: fc3d6f94e89bd96449597152bb03a50b,
        type: 3}
      propertyPath: m_LocalRotation.w
      value: 1
      objectReference: {fileID: 0}
    - target: {fileID: 709656976376244081, guid: fc3d6f94e89bd96449597152bb03a50b,
        type: 3}
      propertyPath: m_RootOrder
      value: 0
      objectReference: {fileID: 0}
    - target: {fileID: 709656976376244081, guid: fc3d6f94e89bd96449597152bb03a50b,
        type: 3}
      propertyPath: m_LocalEulerAnglesHint.x
      value: 0
      objectReference: {fileID: 0}
    - target: {fileID: 709656976376244081, guid: fc3d6f94e89bd96449597152bb03a50b,
        type: 3}
      propertyPath: m_LocalEulerAnglesHint.y
      value: 0
      objectReference: {fileID: 0}
    - target: {fileID: 709656976376244081, guid: fc3d6f94e89bd96449597152bb03a50b,
        type: 3}
      propertyPath: m_LocalEulerAnglesHint.z
      value: 0
      objectReference: {fileID: 0}
    - target: {fileID: 709656976376244081, guid: fc3d6f94e89bd96449597152bb03a50b,
        type: 3}
      propertyPath: m_AnchoredPosition.x
      value: -4.1
      objectReference: {fileID: 0}
    - target: {fileID: 709656976376244081, guid: fc3d6f94e89bd96449597152bb03a50b,
        type: 3}
      propertyPath: m_AnchoredPosition.y
      value: 6.850001
      objectReference: {fileID: 0}
    - target: {fileID: 709656976376244081, guid: fc3d6f94e89bd96449597152bb03a50b,
        type: 3}
      propertyPath: m_SizeDelta.x
      value: 160
      objectReference: {fileID: 0}
    - target: {fileID: 709656976376244081, guid: fc3d6f94e89bd96449597152bb03a50b,
        type: 3}
      propertyPath: m_SizeDelta.y
      value: 30
      objectReference: {fileID: 0}
    - target: {fileID: 709656976376244081, guid: fc3d6f94e89bd96449597152bb03a50b,
        type: 3}
      propertyPath: m_AnchorMin.x
      value: 0.5
      objectReference: {fileID: 0}
    - target: {fileID: 709656976376244081, guid: fc3d6f94e89bd96449597152bb03a50b,
        type: 3}
      propertyPath: m_AnchorMin.y
      value: 0.5
      objectReference: {fileID: 0}
    - target: {fileID: 709656976376244081, guid: fc3d6f94e89bd96449597152bb03a50b,
        type: 3}
      propertyPath: m_AnchorMax.x
      value: 0.5
      objectReference: {fileID: 0}
    - target: {fileID: 709656976376244081, guid: fc3d6f94e89bd96449597152bb03a50b,
        type: 3}
      propertyPath: m_AnchorMax.y
      value: 0.5
      objectReference: {fileID: 0}
    - target: {fileID: 709656976376244081, guid: fc3d6f94e89bd96449597152bb03a50b,
        type: 3}
      propertyPath: m_Pivot.x
      value: 0.5
      objectReference: {fileID: 0}
    - target: {fileID: 709656976376244081, guid: fc3d6f94e89bd96449597152bb03a50b,
        type: 3}
      propertyPath: m_Pivot.y
      value: 0.5
      objectReference: {fileID: 0}
    - target: {fileID: 6765207533192342135, guid: fc3d6f94e89bd96449597152bb03a50b,
        type: 3}
      propertyPath: m_OnClick.m_PersistentCalls.m_Calls.Array.data[0].m_Target
      value: 
      objectReference: {fileID: 7526922639681114881}
    - target: {fileID: 6765207533192342135, guid: fc3d6f94e89bd96449597152bb03a50b,
        type: 3}
      propertyPath: m_OnClick.m_PersistentCalls.m_Calls.Array.data[0].m_MethodName
      value: SetControlMode
      objectReference: {fileID: 0}
    - target: {fileID: 6765207533192342135, guid: fc3d6f94e89bd96449597152bb03a50b,
        type: 3}
      propertyPath: m_OnClick.m_PersistentCalls.m_Calls.Array.data[0].m_Mode
      value: 3
      objectReference: {fileID: 0}
    - target: {fileID: 6765207533192342135, guid: fc3d6f94e89bd96449597152bb03a50b,
        type: 3}
      propertyPath: m_OnClick.m_PersistentCalls.m_Calls.Array.data[0].m_Arguments.m_IntArgument
      value: 1
      objectReference: {fileID: 0}
    - target: {fileID: 7506798933485878698, guid: fc3d6f94e89bd96449597152bb03a50b,
        type: 3}
      propertyPath: m_Text
      value: Grab Tool
      objectReference: {fileID: 0}
    m_RemovedComponents: []
  m_SourcePrefab: {fileID: 100100000, guid: fc3d6f94e89bd96449597152bb03a50b, type: 3}
--- !u!224 &5799561018983780974 stripped
RectTransform:
  m_CorrespondingSourceObject: {fileID: 709656976376244081, guid: fc3d6f94e89bd96449597152bb03a50b,
    type: 3}
  m_PrefabInstance: {fileID: 6459599229621089567}
  m_PrefabAsset: {fileID: 0}
--- !u!114 &308429701956394856 stripped
MonoBehaviour:
  m_CorrespondingSourceObject: {fileID: 6765207533192342135, guid: fc3d6f94e89bd96449597152bb03a50b,
    type: 3}
  m_PrefabInstance: {fileID: 6459599229621089567}
  m_PrefabAsset: {fileID: 0}
  m_GameObject: {fileID: 0}
  m_Enabled: 1
  m_EditorHideFlags: 0
  m_Script: {fileID: 11500000, guid: 4e29b1a8efbd4b44bb3f3716e73f07ff, type: 3}
  m_Name: 
  m_EditorClassIdentifier: 
--- !u!1001 &7781528682808954950
PrefabInstance:
  m_ObjectHideFlags: 0
  serializedVersion: 2
  m_Modification:
    m_TransformParent: {fileID: 2467557068273794660}
    m_Modifications:
    - target: {fileID: 761773594444039950, guid: d00c3c4b1bc533c4ea271f032c1a574d,
        type: 3}
      propertyPath: m_Name
      value: CameraAvatar
      objectReference: {fileID: 0}
    - target: {fileID: 761773594444039950, guid: d00c3c4b1bc533c4ea271f032c1a574d,
        type: 3}
      propertyPath: m_IsActive
      value: 1
      objectReference: {fileID: 0}
    - target: {fileID: 4380037424387650845, guid: d00c3c4b1bc533c4ea271f032c1a574d,
        type: 3}
      propertyPath: m_RootOrder
      value: 0
      objectReference: {fileID: 0}
    - target: {fileID: 4380037424387650845, guid: d00c3c4b1bc533c4ea271f032c1a574d,
        type: 3}
      propertyPath: m_LocalEulerAnglesHint.x
      value: 0
      objectReference: {fileID: 0}
    - target: {fileID: 4380037424387650845, guid: d00c3c4b1bc533c4ea271f032c1a574d,
        type: 3}
      propertyPath: m_LocalEulerAnglesHint.y
      value: 0
      objectReference: {fileID: 0}
    - target: {fileID: 4380037424387650845, guid: d00c3c4b1bc533c4ea271f032c1a574d,
        type: 3}
      propertyPath: m_LocalEulerAnglesHint.z
      value: 0
      objectReference: {fileID: 0}
    - target: {fileID: 8769546526177582596, guid: d00c3c4b1bc533c4ea271f032c1a574d,
        type: 3}
      propertyPath: viewIdField
      value: 0
      objectReference: {fileID: 0}
    m_RemovedComponents: []
  m_SourcePrefab: {fileID: 100100000, guid: d00c3c4b1bc533c4ea271f032c1a574d, type: 3}
--- !u!1001 &8188222836521083070
PrefabInstance:
  m_ObjectHideFlags: 0
  serializedVersion: 2
  m_Modification:
    m_TransformParent: {fileID: 5599766781754854561}
    m_Modifications:
    - target: {fileID: 206559547122730821, guid: fc3d6f94e89bd96449597152bb03a50b,
        type: 3}
      propertyPath: m_Name
      value: Toggle Draw Mode
      objectReference: {fileID: 0}
    - target: {fileID: 709656976376244081, guid: fc3d6f94e89bd96449597152bb03a50b,
        type: 3}
      propertyPath: m_LocalPosition.x
      value: 0
      objectReference: {fileID: 0}
    - target: {fileID: 709656976376244081, guid: fc3d6f94e89bd96449597152bb03a50b,
        type: 3}
      propertyPath: m_LocalPosition.y
      value: 0
      objectReference: {fileID: 0}
    - target: {fileID: 709656976376244081, guid: fc3d6f94e89bd96449597152bb03a50b,
        type: 3}
      propertyPath: m_LocalPosition.z
      value: 0
      objectReference: {fileID: 0}
    - target: {fileID: 709656976376244081, guid: fc3d6f94e89bd96449597152bb03a50b,
        type: 3}
      propertyPath: m_LocalRotation.x
      value: 0
      objectReference: {fileID: 0}
    - target: {fileID: 709656976376244081, guid: fc3d6f94e89bd96449597152bb03a50b,
        type: 3}
      propertyPath: m_LocalRotation.y
      value: 0
      objectReference: {fileID: 0}
    - target: {fileID: 709656976376244081, guid: fc3d6f94e89bd96449597152bb03a50b,
        type: 3}
      propertyPath: m_LocalRotation.z
      value: 0
      objectReference: {fileID: 0}
    - target: {fileID: 709656976376244081, guid: fc3d6f94e89bd96449597152bb03a50b,
        type: 3}
      propertyPath: m_LocalRotation.w
      value: 1
      objectReference: {fileID: 0}
    - target: {fileID: 709656976376244081, guid: fc3d6f94e89bd96449597152bb03a50b,
        type: 3}
      propertyPath: m_RootOrder
      value: 6
      objectReference: {fileID: 0}
    - target: {fileID: 709656976376244081, guid: fc3d6f94e89bd96449597152bb03a50b,
        type: 3}
      propertyPath: m_LocalEulerAnglesHint.x
      value: 0
      objectReference: {fileID: 0}
    - target: {fileID: 709656976376244081, guid: fc3d6f94e89bd96449597152bb03a50b,
        type: 3}
      propertyPath: m_LocalEulerAnglesHint.y
      value: 0
      objectReference: {fileID: 0}
    - target: {fileID: 709656976376244081, guid: fc3d6f94e89bd96449597152bb03a50b,
        type: 3}
      propertyPath: m_LocalEulerAnglesHint.z
      value: 0
      objectReference: {fileID: 0}
    - target: {fileID: 709656976376244081, guid: fc3d6f94e89bd96449597152bb03a50b,
        type: 3}
      propertyPath: m_AnchoredPosition.x
      value: -4.1899996
      objectReference: {fileID: 0}
    - target: {fileID: 709656976376244081, guid: fc3d6f94e89bd96449597152bb03a50b,
        type: 3}
      propertyPath: m_AnchoredPosition.y
      value: -1.5300007
      objectReference: {fileID: 0}
    - target: {fileID: 709656976376244081, guid: fc3d6f94e89bd96449597152bb03a50b,
        type: 3}
      propertyPath: m_SizeDelta.x
      value: 160
      objectReference: {fileID: 0}
    - target: {fileID: 709656976376244081, guid: fc3d6f94e89bd96449597152bb03a50b,
        type: 3}
      propertyPath: m_SizeDelta.y
      value: 30
      objectReference: {fileID: 0}
    - target: {fileID: 709656976376244081, guid: fc3d6f94e89bd96449597152bb03a50b,
        type: 3}
      propertyPath: m_AnchorMin.x
      value: 0.5
      objectReference: {fileID: 0}
    - target: {fileID: 709656976376244081, guid: fc3d6f94e89bd96449597152bb03a50b,
        type: 3}
      propertyPath: m_AnchorMin.y
      value: 0.5
      objectReference: {fileID: 0}
    - target: {fileID: 709656976376244081, guid: fc3d6f94e89bd96449597152bb03a50b,
        type: 3}
      propertyPath: m_AnchorMax.x
      value: 0.5
      objectReference: {fileID: 0}
    - target: {fileID: 709656976376244081, guid: fc3d6f94e89bd96449597152bb03a50b,
        type: 3}
      propertyPath: m_AnchorMax.y
      value: 0.5
      objectReference: {fileID: 0}
    - target: {fileID: 709656976376244081, guid: fc3d6f94e89bd96449597152bb03a50b,
        type: 3}
      propertyPath: m_Pivot.x
      value: 0.5
      objectReference: {fileID: 0}
    - target: {fileID: 709656976376244081, guid: fc3d6f94e89bd96449597152bb03a50b,
        type: 3}
      propertyPath: m_Pivot.y
      value: 0.5
      objectReference: {fileID: 0}
    - target: {fileID: 6765207533192342135, guid: fc3d6f94e89bd96449597152bb03a50b,
        type: 3}
      propertyPath: m_OnClick.m_PersistentCalls.m_Calls.Array.data[0].m_Target
      value: 
      objectReference: {fileID: 7526922639681114881}
    - target: {fileID: 6765207533192342135, guid: fc3d6f94e89bd96449597152bb03a50b,
        type: 3}
      propertyPath: m_OnClick.m_PersistentCalls.m_Calls.Array.data[0].m_MethodName
      value: SetControlMode
      objectReference: {fileID: 0}
    - target: {fileID: 6765207533192342135, guid: fc3d6f94e89bd96449597152bb03a50b,
        type: 3}
      propertyPath: m_OnClick.m_PersistentCalls.m_Calls.Array.data[0].m_Mode
      value: 3
      objectReference: {fileID: 0}
    - target: {fileID: 6765207533192342135, guid: fc3d6f94e89bd96449597152bb03a50b,
        type: 3}
      propertyPath: m_OnClick.m_PersistentCalls.m_Calls.Array.data[0].m_Arguments.m_IntArgument
      value: 2
      objectReference: {fileID: 0}
    - target: {fileID: 7506798933485878698, guid: fc3d6f94e89bd96449597152bb03a50b,
        type: 3}
      propertyPath: m_Text
      value: Draw Tool
      objectReference: {fileID: 0}
    m_RemovedComponents: []
  m_SourcePrefab: {fileID: 100100000, guid: fc3d6f94e89bd96449597152bb03a50b, type: 3}
--- !u!224 &8681633913260214223 stripped
RectTransform:
  m_CorrespondingSourceObject: {fileID: 709656976376244081, guid: fc3d6f94e89bd96449597152bb03a50b,
    type: 3}
  m_PrefabInstance: {fileID: 8188222836521083070}
  m_PrefabAsset: {fileID: 0}
--- !u!114 &3188743291724974793 stripped
MonoBehaviour:
  m_CorrespondingSourceObject: {fileID: 6765207533192342135, guid: fc3d6f94e89bd96449597152bb03a50b,
    type: 3}
  m_PrefabInstance: {fileID: 8188222836521083070}
  m_PrefabAsset: {fileID: 0}
  m_GameObject: {fileID: 0}
  m_Enabled: 1
  m_EditorHideFlags: 0
  m_Script: {fileID: 11500000, guid: 4e29b1a8efbd4b44bb3f3716e73f07ff, type: 3}
  m_Name: 
  m_EditorClassIdentifier: 
